<?xml version="1.0" encoding="UTF-8"?><collection xmlns="http://www.loc.gov/MARC21/slim"><record><leader>00408nam--2200121-i-4500</leader><controlfield tag="001">000028201</controlfield><controlfield tag="002">20161230</controlfield><controlfield tag="005">20161230201037</controlfield><controlfield tag="008">060222s1000------------r-----000-0-eng-d</controlfield><datafield ind1=" " ind2=" " tag="100"><subfield code="a">Kister, G</subfield></datafield><datafield ind1=" " ind2=" " tag="245"><subfield code="a">Rotteck, k</subfield></datafield><datafield ind1=" " ind2=" " tag="260"><subfield code="a">Deutsch-franzosisches Und Franzosisch-deutsches Worterbuch Fur Literatur, Wissenschaft Und Leben. Ganz Neu Umgearbeitete Ausgabe Von Joseph Denis</subfield></datafield><datafield ind1=" " ind2=" " tag="490"><subfield code="a">Paris, Garnier Freres. 710p</subfield></datafield></record></collection>